
@techreport{thomas_task-based_????,
	title = {Task-based {Authorization} {Controls} ({TBAC}): {A} {Family} {Models} for {Active} and {Enterprise}.oriented {Authorization} {Management}},
	institution = {Laboratory for Information Security, George Mason University, Fairfax, USA},
	author = {Thomas, R.K. and Sandhu, R.S.}
}

@techreport{aviram_determinating_????,
	title = {Determinating {Timin} {Channels} in {Compute} {Clouds}},
	institution = {Yale University, University of Massachusetts Amherst},
	author = {Aviram, Amittai and Hu, Sen and Ford, Bryan and Gummadi, Ramakrishna}
}

@techreport{warner_inter-instance_????,
	title = {Inter-{Instance} {Constraints} for {Secure} {Workflow} {Management}},
	institution = {MISI Department and CIMIC, Rutgers University, NJ USA},
	author = {Warner, Janice and Atluri, Vijayakshmi}
}

@misc{center_for_history_and_new_media_zotero_????,
	title = {Zotero {Quick} {Start} {Guide}},
	url = {http://zotero.org/support/quick_start_guide},
	author = {{Center for History and New Media}}
}

@techreport{van_dongen_meta_????,
	title = {A {Meta} {Model} for {Process} {Mining} {Data}},
	institution = {Department of Technology Management, Eindhoven University Technology, Netherlands},
	author = {van Dongen, B. F. and van der Aalst, W. M. P.}
}

@techreport{kopf_automatic_????,
	title = {Automatic {Quantification} of {Cache} {Side}-{Channels}},
	url = {https://eprint.iacr.org/2012/034.pdf},
	abstract = {Propose novel method for automatically deriving upper bounds on the amount of information about the input that an adversary can extract from a program by observing the CPUs cache behaviour.},
	urldate = {2015-03-13},
	institution = {IMDEA Software Institute, Spain},
	author = {Köpf, Boris and Mauborgne, Laurent and Ochoa, Martin}
}

@misc{_eclipse_????,
	title = {Eclipse {BPMN}2 {Modeler} {User} {Guide}},
	url = {https://www.eclipse.org/bpmn2-modeler/documentation/BPMN2ModelerUserGuide-1.0.1.pdf}
}

@techreport{meer_its_????,
	title = {It's all about the timing},
	institution = {SensePost},
	author = {Meer, Haroon and Slaviero, Marco}
}

@techreport{tan_consistecy_????,
	title = {The {Consistecy} of {Task}-{Based} {Authorization} {Constraints} in {Workflow} {Systems}},
	institution = {Department of Computer Science, University of Pensylvania},
	author = {Tan, Kaijun and Crampton, Jason and Gunter, Carl A.}
}

@book{parr_definitve_2007,
	title = {The {Definitve} {ANTLR} {Reference} - {Building} {Domain}-{Specific} {Languages}},
	language = {English},
	author = {Parr, Terence},
	year = {2007}
}

@misc{jboss_jbpm_team_jbpm_????,
	title = {{jBPM} v6.0 {Documentation}},
	url = {http://docs.jboss.org/jbpm/v6.0/userguide/index.html},
	urldate = {2015-03-13},
	author = {JBoss jBPM Team}
}

@techreport{accorsi_anwenden_????,
	address = {Freiburg, Germany},
	title = {Anwenden struktureller {Nicht}-{Interferenz} zur {Sicherheitsanalyse} von {Workflow}-{Modellen}},
	abstract = {Dieser Beitrag definiert die formalen Grundlagen zur Anwendung von struk-
tureller Nicht-Interferenz für die fundierte Petrinetz-basierte Sicherheitsanalyse von
industriellen Workflow-Modellen und damit den ursprünglichen Geschäftsprozessen.
Der Ansatz wird anhand eines Beispiels für einen eAuction-Workflow veranschaulicht.},
	institution = {Albert-Ludwigs-Universität},
	author = {Accorsi, Rafael}
}